
@article{adelaar2005,
    title = {Malayo-Sumbawan},
    year = {2005},
    journal = {Oceanic Linguistics},
    volume = {44},
    number = {2},
    pages = {357-388},
    author = {Adelaar, Alexander}
}
@article{ariel1988,
    title = {Referring and accessibility},
    year = {1988},
    journal = {Journal of Linguistics},
    volume = {24},
    number = {1},
    pages = {67-87},
    author = {Ariel, Mira}
}
@book{ariel1990,
    title = {Accessing noun-phrase antecedents},
    year = {1990},
    publisher = {Routledge},
    address = {London},
    author = {Ariel, Mira}
}
@article{ariel2004,
    title = {Accessibility marking: Discourse functions, discourse profiles, and processing cues},
    year = {2004},
    journal = {Discourse Processes},
    volume = {37},
    number = {2},
    pages = {91-116},
    author = {Ariel, Mira}
}
@article{bickel2003,
    title = {Referential density in discourse and syntactic typology},
    year = {2003},
    journal = {Language},
    volume = {79},
    number = {4},
    pages = {708-736},
    author = {Bickel, Balthasar}
}
@phdthesis{brickell2015,
    title = {A grammar of Tondano},
    year = {2015},
    school = {La Trobe University},
    address = {Melbourne, Australia},
    author = {Brickell, Timothy}
}
@misc{campbell.etal2017,
    title = {The catalogue of endangered languages (ElCat)},
    author = {Campbell, Lyle and Lee, Nala H. and Okura, Eve and Simpson, Sean and Ueki, Kaori},
    year = {2017},
    url = {http://endangeredlanguages.com/}
}
@inbook{chafe1980,
    title = {The deployment of consciousness in the production of a narrative},
    year = {1980},
    booktitle = {The Pear Stories: Cognitive, cultural, and linguistic aspects of narrative production},
    editor = {Chafe, Wallace},
    pages = {9-50},
    address = {Norwood, NJ},
    publisher = {Ablex},
    author = {Chafe, Wallace}
}
@article{dubois1987,
    title = {The discourse basis of ergativity},
    year = {1987},
    journal = {Language},
    volume = {63},
    number = {4},
    pages = {805-855},
    author = {Du Bois, John}
}
@incollection{dubois2003,
    title = {Argument structure: Grammar in use},
    year = {2003},
    booktitle = {Preferred argument structure: Grammar as architecture for function},
    editor = {Du Bois, John and Kumpf, Lorraine and Ashby, William J.},
    pages = {11-60},
    address = {Amsterdam},
    publisher = {John Benjamins},
    author = {Du Bois, John}
}
@incollection{dubois2017,
    title = {Ergativity in discourse and grammar},
    year = {2017},
    editor = {Coon, Jessica and Massam, Diane and Travis, Lisa D.},
    booktitle = {The Oxford handbook of ergativity},
    pages = {23-57},
    address = {Oxford},
    publisher = {Oxford University Press},
    author = {Du Bois, John}
}
@misc{englishdialectsresearchgroup2005,
    title = {Freiburg English Dialect Corpus (FRED)},
    year = {2005},
    url = {https://fred.ub.uni-freiburg.de/},
    author = {English Dialects Research Group}
}
@book{forker2020,
    title = {A grammar of Sanzhi Dargwa},
    year = {2020},
    doi = {10.5281/zenodo.3339225},
    address = {Berlin},
    publisher = {Language Science Press},
    author = {Forker, Diana}
}
@book{giangoullis2009,
    title = {Kypriaka paradosiaka paramytha: Ek stomatos Elenis Mich, Satsia, Apo to Geri-Pyroi (1887–1982) [A traditional Cypriot storyteller: From the mouth of Elenis Mich, Satsia, from Geri-Pyroi (1887–1982)]},
    year = {2009},
    address = {Leukosia},
    publisher = {Theopress Publications},
    author = {Giangoullis, Konstantinos G.}
}
@incollection{haig2018,
    title = {Northern Kurdish (Kurmanjî)},
    year = {2018},
    url = {https://multicast.aspra.uni-bamberg.de/data/pubs/Haig2018_Northern-Kurdish_Kurmanji.pdf},
    editor = {Haig, Geoffrey & Khan, Geoffrey},
    booktitle = {The languages and linguistics of Western Asia: An areal perspective},
    pages = {106-158},
    address = {Berlin},
    publisher = {Mouton de Gruyter},
    author = {Haig, Geoffrey}
}
% Haig, Geoffrey & Öpengin, Ergin. 2018. Kurmanji in Turkey: Structure, varieties, and status. In Bulut, Christi-
% ane (ed.), Linguistic minorities in Turkey and Turkic-speaking minorities of the peripheries, vol. 111. Wies-
% baden: Harrassowitz.
@incollection{haig.opengin2018,
    author = {Haig, Geoffrey and Öpengin, Ergin},
    title = {Kurmanji in Turkey: Structure, varieties, and status},
    booktitle = {Linguistic minorities in Turkey and Turkic-speaking minorities of the peripheries},
    editor = {Bulut, Christiane},
    volume = {111},
    year = {2018},
    address = {Wiesbaden},
    publisher = {Harrassowitz},
}
@techreport{haig.schnell2014,
    title = {Annotations using GRAID (Grammatical Relations and Animacy in Discourse): Introduction and guidelines for annotators},
    year = {2014},
    note = {Version 7.0},
    url = {https://multicast.aspra.uni-bamberg.de/data/pubs/graid/Haig+Schnell2014_GRAID-manual_v7.0.pdf},
    author = {Haig, Geoffrey and Schnell, Stefan}
}
@book{huddleston.pullum2002,
    editor = {Huddleston, Rodney D. and Pullum, Geoffrey K.},
    title = {The Cambridge grammar of the English language},
    year = {2002},
    publisher = {Cambridge University Press},
    address = {Cambridge}
}
@misc{glottolog,
    title = {Glottolog 4.0},
    year = {2019},
    address = {Jena},
    publisher = {Max Planck Institute for the Science of Human History},
    doi = {10.5281/zenodo.3260726},
    editor = {Hammarström, Harald and Forkel, Robert and Haspelmath, Martin}
}
@phdthesis{kimoto2017,
    title = {A grammar of Arta: A Philippine Negrito language},
    url = {https://multicast.aspra.uni-bamberg.de/data/pubs/Kimoto2017_a-grammar-of-Arta.pdf},
    year = {2017},
    school = {Kyoto University},
    address = {Kyoto, Japan},
    author = {Kimoto, Yukinori}
}
@article{kimoto2018,
    year = {2018},
    title = {Operationalizing Philippine-type syntax for GRAID system: Clause structure, case marking, and verb class in Arta},
    journal = {Asian and African Languages and Linguistics},
    volume = {12},
    pages = {17-35},
    url = {http://hdl.handle.net/10108/91147},
    author = {Kimoto, Yukinori}
}
% Kurabe, Keita. 2012. Jinpōgo no kakuhyōji. Kyoto University Linguistic Research 31. 113–180.
@article{kurabe2012,
    author = {Kurabe, Keita},
    title = {Jinpōgo no kakuhyōji},
    journal = {Kyoto University Linguistic Research},
    year = {2012},
    volume = {31},
    pages = {113-180},
}
@phdthesis{kurabe2016,
    title = {A grammar of Jinghpaw, from Northern Burma},
    year = {2016},
    author = {Kurabe, Keita},
    school = {Kyoto University},
    address = {Kyoto, Japan}
}
% The GRAID-annotated Jinghpaw corpus: Annotations and initial findings. Asian and
% African Languages and Linguistics 12. 37–73. (http://hdl.handle.net/10108/91142).
@article{kurabe2018,
    title = {The GRAID-annotated Jinghpaw corpus: Annotations and initial findings},
    year = {2016},
    author = {Kurabe, Keita},
    journal = {Asian and African Languages and Linguistics},
    volume = {12},
    pages = {37-73},
    url = {http://hdl.handle.net/10108/91142},
}
@book{mbete1990,
    title = {Rekonstruksi protobahasa Bali-Sasak-Sumbawa [A reconstruction of Proto-Bali-Sasak-Sumbawa]},
    year = {1990},
    publisher = {University of Indonesia},
    address = {Jakarta},
    author = {Mbete, Aron Meko}
}
@phdthesis{meng2018,
    title = {A grammar of Tulil},
    year = {2018},
    url = {https://multicast.aspra.uni-bamberg.de/data/pubs/Meng2018_a-grammar-of-Tulil.pdf},
    school = {La Trobe University},
    address = {Melbourne, Australia},
    author = {Meng, Chenxi}
}
@misc{mosel2019,
    title = {A multifunctional Teop-English dictionary},
    journal = {Dictionaria},
    volume = {4},
    pages = {1-6488},
    url = {https://dictionaria.clld.org/contributions/teop},
    year = {2019},
    doi = {10.5281/zenodo.5526528},
    author = {Mosel, Ulrike}
}
@misc{mosel.thiesen2007,
    title = {The Teop sketch grammar},
    year = {2007},
    author = {Mosel, Ulrike and Thiesen, Yvonne},
    howpublished = {Unpublished manuscript, University of Kiel},
    url = {https://hdl.handle.net/1839/00-0000-0000-0008-24F6-3}
}
@misc{noonan2003,
    title = {A crosslinguistic investigation of referential density},
    year = {2003},
    howpublished = {Unpublished manuscript, University of Wisconsin-Milwaukee},
    url = {https://fid4sa-repository.ub.uni-heidelberg.de/190},
    doi = {10.11588/xarep.00000190},
    author = {Noonan, Michael}
}
% Öpengin, Ergin & Haig, Geoffrey. 2014. Regional variation in Kurmanji: A preliminary classification of dia-
%lects. Kurdish Studies 2(2). 143–176.
@article{opengin.haig2014,
    author = {Öpengin, Ergin and Haig, Geoffrey},
    title = {Regional variation in Kurmanji: A preliminary classification of dialects},
    journal = {Kurdish Studies},
    volume = {2},
    number = {2},
    pages = {143-176},
    year = {2014},
}
@article{riester.baumann2017,
    title = {The RefLex scheme — Annotation guidelines},
    year = {2017},
    journal = {SinSpeC: Working papers of the SFB 732},
    volume = {14},
    doi = {10.18419/opus-9011},
    author = {Riester, Arndt and Baumann, Stefan}
}
@misc{schiborr2018,
    title = {multicastR: A companion to the Multi-CAST collection. R package version 2.0.0.},
    year = {2018},
    booktitle = {Multi-CAST: Multilingual corpus of annotated spoken texts},
    editor = {Haig, Geoffrey and Schnell, Stefan},
    author = {Schiborr, Nils N.},
    url = {https://CRAN.R-project.org/package=multicastR}
}
@techreport{schiborr.etal2018,
    title = {RefIND — Referent Indexing in Natural-language Discourse: Annotation guidelines},
    note = {Version 1.1},
    institution = {},
    year = {2018},
    url = {https://multicast.aspra.uni-bamberg.de/data/pubs/refind/Schiborr+etal2018_RefIND-guidelines_v1.1.pdf},
    author = {Schiborr, Nils N. and Schnell, Stefan and Thiele, Hanna}
}
%Schnell, Stefan. 2010. Animacy and referentiality in Vera’a. Kiel: Kiel University Ph.D. dissertation.
@phdthesis{schnell2010,
    title = {Animacy and referentiality in Vera’a},
    year = {2010},
    school = {Kiel University},
    address = {Kiel},
    author = {Schnell, Stefan}
}

@phdthesis{schnell2011,
    title = {A grammar of Vera'a},
    year = {2011},
    school = {Kiel University},
    address = {Germany},
    author = {Schnell, Stefan}
}
%  Schnell, Stefan. 2016. Multi-CAST Vera’a annotation notes. In Haig, Geoffrey & Schnell, Stefan (eds.), Multi-
% CAST: Multilingual Corpus of Annotated Spoken Texts. (https://multicast.aspra.uni- bamberg.
% de/#veraa) (Accessed 2019-03-08).
@misc{schnell2016b,
    author = {Schnell, Stefan},
    year = {2016},
    title = {Multi-CAST Vera’a annotation notes},
    howpublished = {In Haig, Geoffrey & Schnell, Stefan (eds.), Multi-CAST: Multilingual Corpus of Annotated Spoken Texts},
}    
    
%Shiohara, Asako. 2006. Sunbawa-go no bunpō. Tokyo: University of Tokyo Ph.D. dissertation.
@phdthesis{shiohara2006,
    author = {Shiohara, Asako},
    title = {Sunbawa-go no bunpō},
    school = {University of Tokyo},
    year = {2006},
    address = {Tokyo},
}
% Shiohara, Asako. 2018. A progress report on the Sumbawa annotated spoken corpus: Tentative annotation
% notes. Asian and African Languages and Linguistics 12. 75–97. (http://hdl.handle.net/10108/91143).
@article{shiohara2018,
    author = {Shiohara, Asako},
    title = {A progress report on the Sumbawa annotated spoken corpus: Tentative annotation
notes},
    journal = {Asian and African Languages and Linguistics},
    year = {2018},
    pages = {75-97},
    url = {http://hdl.handle.net/10108/91143},
}
% Sneddon, James N. 1975. Tondano phonology and grammar. Canberra: Pacific Linguistics.
@book{sneddon1975,
    author = {Sneddon, James N.},
    title = {Tondano phonology and grammar},
    year = {1975},
    address = {Canberra},
    publisher = {Pacific Linguistics},
}
@incollection{thieberger2004,
    title = {Documentation in practice: Developing a linked media corpus of South Efate},
    year = {2004},
    editor = {Austin, Peter},
    booktitle = {Language documentation and description},
    pages = {169-178},
    address = {London},
    publisher = {Hans Rausing Endangered Languages Project, SOAS},
    author = {Thieberger, Nick}
}
@book{thieberger2006,
    title = {A grammar of South Efate: An Oceanic language of Vanuatu},
    year = {2006},
    url = {http://hdl.handle.net/11343/31242},
    address = {Honolulu},
    publisher = {University of Hawaii Press},
    author = {Thieberger, Nick}
}
@phdthesis{visser2020,
    title = {A grammar of Kalamang: The Papuan language of the Karas Islands},
    year = {2020},
    school = {Lund University},
    address = {Lund, Sweden},
    author = {Visser, Eline}
}
@book{wolff2010,
    title = {Proto-Austronesian phonology},
    address = {Ithaca, NY},
    publisher = {Cornell Southeast Asia Program Publications},
    author = {Wolff, John}
}